%% This BibTeX bibliography file was created using BibDesk.
%% http://bibdesk.sourceforge.net/


%% Created for Johannes Rutzmoser at 2015-12-03 12:08:22 +0100 


%% Saved with string encoding Unicode (UTF-8) 



@article{farhat2015structure,
	Author = {Farhat, Charbel and Chapman, Todd and Avery, Philip},
	Date-Added = {2015-12-03 11:00:18 +0000},
	Date-Modified = {2015-12-03 11:00:18 +0000},
	Journal = {International Journal for Numerical Methods in Engineering},
	Keywords = {MOR Antrag},
	Number = {5},
	Pages = {1077--1110},
	Publisher = {Wiley Online Library},
	Title = {Structure-preserving, stability, and accuracy properties of the energy-conserving sampling and weighting method for the hyper reduction of nonlinear finite element dynamic models},
	Volume = {102},
	Year = {2015},
	Bdsk-File-1 = {YnBsaXN0MDDUAQIDBAUGJCVYJHZlcnNpb25YJG9iamVjdHNZJGFyY2hpdmVyVCR0b3ASAAGGoKgHCBMUFRYaIVUkbnVsbNMJCgsMDxJXTlMua2V5c1pOUy5vYmplY3RzViRjbGFzc6INDoACgAOiEBGABIAFgAdccmVsYXRpdmVQYXRoWWFsaWFzRGF0YV8QUS4uLy4uLy4uL0Ryb3Bib3gvV2lzc2Vuc2NoYWZ0L0JpYlRleF9BcnRpa2VsL2ZhcmhhdF9jaGFwbWFuMjAxNXN0cnVjdHVyZS1wcjAwLnBkZtIXCxgZV05TLmRhdGFPEQIaAAAAAAIaAAIAAAxNYWNpbnRvc2ggSEQAAAAAAAAAAAAAAAAAAADL9h+YSCsAAABR+zAfZmFyaGF0X2NoYXBtYW4yMDE1cyMxOTVGM0Y0LnBkZgAAAAAAAAAAAAAAAAAAAAAAAAAAAAAAAAAAAAAAAAAAAZXz9NIB+/0AAAAAAAAAAAADAAQAAAkgAAAAAAAAAAAAAAAAAAAADkJpYlRleF9BcnRpa2VsABAACAAAy/YDeAAAABEACAAA0gHf3QAAAAEAFABR+zAAQ0BbAEM/3wAR+BAAAMBFAAIAZU1hY2ludG9zaCBIRDpVc2VyczoAam9oYW5uZXNyOgBEcm9wYm94OgBXaXNzZW5zY2hhZnQ6AEJpYlRleF9BcnRpa2VsOgBmYXJoYXRfY2hhcG1hbjIwMTVzIzE5NUYzRjQucGRmAAAOAEoAJABmAGEAcgBoAGEAdABfAGMAaABhAHAAbQBhAG4AMgAwADEANQBzAHQAcgB1AGMAdAB1AHIAZQAtAHAAcgAwADAALgBwAGQAZgAPABoADABNAGEAYwBpAG4AdABvAHMAaAAgAEgARAASAFhVc2Vycy9qb2hhbm5lc3IvRHJvcGJveC9XaXNzZW5zY2hhZnQvQmliVGV4X0FydGlrZWwvZmFyaGF0X2NoYXBtYW4yMDE1c3RydWN0dXJlLXByMDAucGRmABMAAS8AABUAAgAQ//8AAIAG0hscHR5aJGNsYXNzbmFtZVgkY2xhc3Nlc11OU011dGFibGVEYXRhox0fIFZOU0RhdGFYTlNPYmplY3TSGxwiI1xOU0RpY3Rpb25hcnmiIiBfEA9OU0tleWVkQXJjaGl2ZXLRJidUcm9vdIABAAgAEQAaACMALQAyADcAQABGAE0AVQBgAGcAagBsAG4AcQBzAHUAdwCEAI4A4gDnAO8DDQMPAxQDHwMoAzYDOgNBA0oDTwNcA18DcQN0A3kAAAAAAAACAQAAAAAAAAAoAAAAAAAAAAAAAAAAAAADew==}}
