@BOOK{Pietruszka:Matlab2012,
title = {MATLAB und Simulink in der Ingenieurpraxis},
publisher = {Vieweg + Teubner},
year = {2012},
author = {Pietruszka, Wolf Dieter},
edition = {3., bearbeitete und erweiterte Auflage},
address = {Wiesbaden},
isbn = {978-3-8348-1764-8},
}

@BOOK{Sanders:AveragingMethods2007,
title = {Averaging methods in nonlinear dynamical systems},
publisher = {Springer},
year = {2007},
author = {Sanders, Jan A. and Verhulst, Ferdinand and Murdock, James},
edition = {2. ed},
address = {New York, NY},
isbn = {978-0-387-48916-2},
}

@BOOK{Papageorgiou:Optimierung2012,
title = {Optimierung},
publisher = {Springer},
year = {2012},
author = {Papageorgiou, Markos and Leibold, Marion and Buss, Martin},
edition = {3., neu bearbeitete und ergänzte Auflage},
address = {Berlin},
isbn = {978-3-540-34013-3},
}


@BOOK{Hagedorn:NichtlinSchwingungen1978,
title = {Nichtlineare Schwingungen},
publisher = {Akademische Verlagsgesellschaft},
year = {1978},
author = {Hagedorn, Peter},
address = {Wiesbaden},
isbn = {3-400-00351-4},
}


@BOOK{Meyberg:Differentialgleichungen,
title={H{\"o}here Mathematik 2: Differentialgleichungen, Funktionentheorie, Fourier-Analysis, Variationsrechnung},
author={Meyberg, Kurt and Vachenauer, Peter},
publisher = {Springer},
year = {1999},
edition = {3. Auflage},
address = {Berlin},
isbn = { 3-540-66150-6},
}


@BOOK{Schwarz:2009:NumMath,
title={Numerische Mathematik},
author={Schwarz, Hans Rudolf and K{\"o}ckler, Norbert},
publisher = {Vieweg + Teubner},
year = {2009},
edition = {7. Auflage},
address = {Wiesbaden},
isbn = {978-3-8348-0683-3},
}




@ARTICLE{Chao:NonUnisonDynamics,
author = {Chao, C.-P. and Lee, C.-T. and Shaw, S. W.}, 
title = {Non-unsion dynamics of multiple centrifugal pendulum vibration absorbers}, 
journal = {Journal of Sound and Vibration}, 
year = {1997},
pages = {769--794},
volume = {204},
number = {5},
issn = "0022-460X",
doi = "10.1006/jsvi.1997.0960",
}

@ARTICLE{Lee:TorsionalVibRed,
author = {Lee, C.-T. and Shaw, S. W.}, 
title = {Torsional vibration reduction in internal combustion engines using centrifugal pendulums}, 
journal = {ASME Design Engineering Technical Conference}, 
year = {1995},
pages = {487--492},
number = {3A},
}


@ARTICLE{Denman:Tautochronic,
author = {Denman, H. H.}, 
title = {Tautochronic bifilar pendulum torsion absorbers for reciprocating engines}, 
journal = {Journal of Sound and Vibration}, 
year = {1992},
pages = {251--277},
volume = {159},
number = {2},
issn = "0022-460X",
doi = "10.1016/0022-460X(92)90035-V"
}

@ARTICLE{LeeShaw:OnTheCounteraction,
author = {Lee, C.-T. and Shaw, S. W.}, 
title = {On the counteraction of periodic torques for rotating systems using centrifugally driven vibration absorbers}, 
journal = {Journal of Sound and Vibration}, 
year = {1996},
pages = {695--719},
volume = {191},
number = {5},
issn = "0022-460X",
doi = "10.1006/jsvi.1996.0151",
}


@article{monroe2011accounting,
  title={Accounting for roller dynamics in the design of bifilar torsional vibration absorbers},
  author={Monroe, Ryan J and Shaw, Steven W and Haddow, Alan H and Geist, Bruce K},
  journal={Journal of vibration and acoustics},
  volume={133},
  number={6},
  year={2011},
  publisher={American Society of Mechanical Engineers},
	doi = {10.1115/1.4003942},
}



@article{ALSUWAIYAN:2002:PerformanceAnd,
title = "Performance and dynamic stability of general-path centrifugal pendulum vibration absorbers ",
journal = "Journal of Sound and Vibration ",
volume = "252",
number = "5",
pages = "791 -- 815",
year = "2002",
issn = "0022-460X",
doi = "10.1006/jsvi.2000.3534",
author = "A.S. Alsuwaiyan and S.W. Shaw"
}


@article{Vidmar:Feeney:2012:CoulombFriction,
year={2012},
issn={0924-090X},
journal={Nonlinear Dynamics},
volume={69},
number={1-2},
doi={10.1007/s11071-011-0289-7},
title={The effects of Coulomb friction on the performance of centrifugal pendulum vibration absorbers},
publisher={Springer Netherlands},
keywords={Centrifugal pendulum vibration absorber; Coulomb friction identification},
author={Vidmar, BrendanJ. and Feeny, BrianF. and Shaw, StevenW. and Haddow, AlanG. and Geist, BruceK. and Verhanovitz, NathanJ.},
pages={589--600},
language={English}
}


@article{Haddow:2003:ExperimentalInv,
year={2003},
issn={0924-090X},
journal={Nonlinear Dynamics},
volume={34},
number={3-4},
doi={10.1023/B:NODY.0000013509.51299.c0},
title={Centrifugal Pendulum Vibration Absorbers: An Experimental and Theoretical Investigation},
publisher={Kluwer Academic Publishers},
keywords={absorbers; CPVA; TVA; torsional},
author={Haddow, AlanG. and Shaw, StevenW.},
pages={293-307},
}



@misc{Markert:2010:Fahrzeugschwingung,
   title =      {Fahrzeugschwingungen},
   author = 		{Markert, R},
   note = {Fachbereich für Maschinenbau, Technische Universit\"at Darmstadt},
   year = 			{2010}
}



@ARTICLE{Mayet:Tautochronic,
author = {Mayet, J. and Ulbrich, H.},
title = {Tautochronic Centrifugal Pendulum Vibration Absorbers -- General Design and Analysis},
journal = {Journal of Sound and Vibration}, 
year = {in Druck},
} 

@UNPUBLISHED{Mayet:CPVAMitMistuning,
author = {Mayet, J. and Ulbrich, H.},
title = {Nonlinear Mistuning of Tautochronic Centrifugal Pendulum Vibration Absorbers -- General Design and Analysis},
year = {2013},
note = {Interner Bericht},
} 

@ARTICLE{Mayet:Experimental,
author = {Mayet, J. and Rixen, D. and Ulbrich, H.},
title = {Experimental Investigation of Centrifugal Pendulum Vibration Absorbers},
year = {2013},
month = {September},
address = {Lissabon},
organization = {$11^{th}$ International Conference on Vibration Problems},
}
%editor = {Z. Dimitrovov\'{a} \textit{et.al.}},
%editor, volume oder number, series, address,  organization, publisher, note
@article{mayet2012euromech,
	author = "Mayet, J. and Ulbrich, H.",
	journal = "EUROMECH 532 - 1st International Colloquium on Time-periodic Systems - Current Trends in Theory and Application",
	month = "",
	note = "",
	number = "",
	pages = "38--41",
	volume = 1,
	year = 2012,
	title = "Synchronous Centrifugal Pendulum Absorber"
}








@ARTICLE{Mitropolsky:Averaging,
author = {Mitropolyka, I. A.}, 
title = {Averaging Method in Non-Linear Mechanics}, 
journal = {International Journal of Non-Linear Mechanics}, 
year = {1967},
pages={69--96},
volume = {2},
number = {1},
}



%%%%%%%%%%%%%%%%%%%%%%%%%%%%%%%%%%%%%
% Bogenlängenverfahren
%%%%%%%%%%%%%%%%%%%%%%%%%%%%%%%%%%%%%
@article{Crisfield:1981:FastInc,
author = {M.A. Crisfield},
title = {{A fast incremental/iterative solution procedure that handles “snap-through”}},
journal = {Computers \& Structures},
volume = {13},
year = {1981},
pages = {55--62},
issue = {1-3},
doi = {10.1016/0045-7949(81)90108-5},
issn = "0045-7949",
}



@book{Schweizerhof:1989:Quasi,
  title={Quasi-Newton Verfahren und Kurvenverfolgungsalgorithmen f{\"u}r die L{\"o}sung nichtlinearer Gleichungssysteme in der Strukturmechanik},
  author={Schweizerhof, Karl },
  series={Institut f{\"u}r Baustatik Karlsruhe, Schriftenreihe, Heft 9},
  url={http://www.ifm.kit.edu/download/Schweizerhof_QuasiNewton_A4.pdf},
  year={1989},
  publisher={Institut f{\"u}r Baustatik, Universit{\"a}t Fridericiana Karlsruhe (TH)}
}


@misc{Wall:2012:NiLiFEM,
   title =      {Nichtlineare Finite-Element-Methoden, Vorlesungsskript},
   author = 		{Wall, Wolfgang},
   note = {Lehrstuhl f\"ur Numerische Mechanik, Technische Universit\"at M\"unchen},
   year = 			{2012}
}

@BOOK{Wriggers:2001:NiLiFEM,
title = {Nichtlineare Finite-Element-Methoden},
publisher = {Springer},
year = {2001},
author = {Wriggers, Peter},
address = {Berlin},
isbn = {978-3-540-67747-5},
}




%%%%%%%%%%%%%%%%%%%%%%%%%%%%%%%%%%%%%%
% DEUTSCHE (Alte) SACHEN
%%%%%%%%%%%%%%%%%%%%%%%%%%%%%%%%%%%%%%
@article{Schick:1939:WirkungFliehkraftpendel,
year={1939},
issn={0020-1154},
journal={Ingenieur-Archiv},
volume={10},
number={5},
doi={10.1007/BF02277417},
title={Wirkung und Abstimmung von Fliehkraftpendeln am Mehrzylindermotor},
publisher={Springer-Verlag},
author={Schick, W.},
pages={303--312},
language={German}
}


@article{Desoyer-Slibar:1953:BerechnungVonPendelTilgern,
year={1953},
issn={0020-1154},
journal={Ingenieur-Archiv},
volume={21},
number={3},
doi={10.1007/BF00535828},
title={Zur Berechnung von Pendel-Schwingungstilgern},
publisher={Springer-Verlag},
author={Desoyer, K. and Slibar, A.},
pages={208-212},
language={German}
}


@article{Slibar-Desoyer:1954:ZurErzielungOptimaler,
year={1954},
issn={0020-1154},
journal={Ingenieur-Archiv},
volume={22},
number={1},
doi={10.1007/BF00534798},
title={Zur Erzielung optimaler Wirkung bei Pendel-Schwingungstilgern},
publisher={Springer-Verlag},
author={Slibar, A. and Desoyer, K.},
pages={36-44},
language={German}
}


@article{Paslay:Slibar:1956:OptAusSalomonTilger,
year={1956},
issn={0020-1154},
journal={Ingenieur-Archiv},
volume={24},
number={3},
doi={10.1007/BF00536216},
title={Optimale Auslegung von Salomon-Schwingungstilgern},
publisher={Springer-Verlag},
author={Paslay, P.R. and Slibar, Alfred},
pages={182-187},
language={German}
}

% Patent Sarazin
@MISC{Sarazin:1931:Patent,
author = {Sarazin, Raoul Roland Raymond},
year = {1931},
title = {Vorrichtung zur Verminderung der Torsionsschwingungen in Wellen mittels pendelnder Massen}, 
address = {Saint-Prix, Frankreich},
note = {Patentschrift},
howpublished = {Deutsches Reichspatent DE\,597\,091}
}


% Patent Carter
@MISC{Carter:1932:Patent,
author = {Carter, Benjamin Charles},
year = {1932},
title = {Air-screw drive}, 
address = {South Farnborough, Hampshire, Großbritannien},
note = {Patentschrift},
howpublished = {United States Patent Office, Seriennummer 268\,521, Veröffentlichungsnummer US\,1854329\,A}
}





%%%%%%%%%%%%%%%%%%%%%%%%%%%%%%%%%%%%%
% Action Angle Variables
%%%%%%%%%%%%%%%%%%%%%%%%%%%%%%%%%%%%%
@article {Duistermaat:1980:ActionAngles,
author = {Duistermaat, J. J.},
title = {On global action-angle coordinates},
journal = {Communications on Pure and Applied Mathematics},
volume = {33},
number = {6},
publisher = {Wiley Subscription Services, Inc., A Wiley Company},
issn = {1097-0312}, 
doi = {10.1002/cpa.3160330602},
pages = {687--706},
year = {1980},
}

@book{markus:1974:generic,
  title={Generic Hamiltonian dynamical systems are neither integrable nor ergodic},
  author={Markus, Lawrence and Meyer, Kenneth Ray},
  number={144},
  year={1974},
	address={Providence, RI},
  publisher={American Mathematical Society},
	series={Memoirs of the American Mathematical Society},
	isbn = {0-8218-1844-1}
}


@article{London:1927:WinkelvarUkanTrafo,
year={1927},
issn={0044-3328},
journal={Zeitschrift für Physik},
volume={40},
number={3-4},
doi={10.1007/BF01400361},
title={Winkelvariable und kanonische Transformationen in der Undulationsmechanik},
publisher={Springer-Verlag},
author={London, F.},
pages={193-210},
language={German}
}



%%%%%%%%%%%%%%%%%%%%%%%%%%%%%%%%%%%%%
% Modified Hamilton Equations
%%%%%%%%%%%%%%%%%%%%%%%%%%%%%%%%%%%%%
@article{Tveter:1994:HamiltonModified,
year={1994},
issn={0923-2958},
journal={Celestial Mechanics and Dynamical Astronomy},
volume={60},
number={4},
doi={10.1007/BF00692025},
title={Hamilton's equations of motion for non-conservative systems},
publisher={Kluwer Academic Publishers},
keywords={Hamilton's equations of motion; non-conservative forces},
author={Tveter, Frank Thomas},
pages={409--419},
language={English}
}

@article{tveter:1998:DerivingTheHamilton,
author = {Frank Thomas Tveter},
collaboration = {},
title = {Deriving the Hamilton equations of motion for a nonconservative system using a variational principle},
publisher = {AIP},
year = {1998},
journal = {Journal of Mathematical Physics},
volume = {39},
number = {3},
pages = {1495--1500},
keywords = {classical mechanics; variational techniques},
doi = {10.1063/1.532392}
}



%%%%%%%%%%%%%%%%%%%%%%%%%%%%%%%%%%%%%
% Matlab Doku
%%%%%%%%%%%%%%%%%%%%%%%%%%%%%%%%%%%%%
@MANUAL{MatlabDoku:R2012a,
title = {MATLAB Mathematics},
author = {MathWorks},
organization = {The MathWorks, Inc.},
year = {2012},
address = {Natick, MA},
edition = {R2012a}
}

% address, title, year author, organization, edition, month, note 














%%%%%%%%%%%%%%%%%%%%%%%%%%%%%%%%%%%%%
% WIKI
%%%%%%%%%%%%%%%%%%%%%%%%%%%%%%%%%%%%%
@misc{Wiki:Eng:Averaging, 
 author = {Wikipedia}, 
 title = {Method of averaging}, 
 url = {http://en.wikipedia.org/wiki/Method_of_averaging},
 note = {Abgerufen am 22.\,05.~2013},
 } 



@misc{Wiki:Eng:PIDRegler, 
 author = {Wikipedia}, 
 title = {PID controller}, 
 url = {http://en.wikipedia.org/wiki/PID_controller},
 note = {Abgerufen am 17.\,04.~2013},
 } 

 % wird ersetzt durch
@BOOK{Foellinger:2008:Regelungstechnik,
title = {Regelungstechnik},
publisher = {H\"uthig Verlag},
year = {2008},
author = {F\"ollinger, Otto},
address = {Heidelberg},
edition = {10. durchges. Aufl.},
isbn = {3-7785-2970-6},
}


