@online{TUMCorporateDesign,
	title = {TUM Corporate Design},
	date = {2008},
	url = {https://portal.mytum.de/corporatedesign},
	subtitle = {Styleguide Technische Universität München},
}

@manual{PKGplaceins,
	author = {Arseneau, Donald},
	title = {The placeins Package},
	date = {2005},
	url = {https://www.ctan.org/pkg/placeins},
}

@manual{PKGfloat,
	author = {Lingnau, Anselm},
	title = {An Improved Environment for Floats},
	date = {2001},
	url = {https://www.ctan.org/pkg/float},
}

@manual{PKGcaption,
	author = {Sommerfeldt, Axel},
	title = {Customizing captions of floating environments},
	date = {2011},
	url = {https://www.ctan.org/pkg/caption},
}

@manual{PKGsubcaption,
	author = {Sommerfeldt, Axel},
	title = {The subcaption Package},
	date = {2013},
	url = {https://www.ctan.org/pkg/subcaption},
}

@manual{PKGafterpage,
	author = {Carliste, David},
	title = {The afterpage Package},
	date = {2014},
	url = {https://www.ctan.org/pkg/afterpage},
}

@manual{AMlogo,
	author = {Pennec, Romain},
	title = {The AMlogo Package},
	date = {2015},
	url = {AMlogo.pdf}
}

@manual{AMlang,
	author = {Pennec, Romain},
	title = {The AMlang Package},
	date = {2015},
	url = {AMlang.pdf}
}

@manual{AMmath,
	author = {Pennec, Romain},
	title = {The AMmath Package},
	date = {2015},
	url = {AMmath.pdf}
}
